%%%%%%%%%%%%%%%%%%%%%%%%%%%%%%%%%%%%%%%%%%%%%%%%%%%%%%%%%
% Note for references:                                  %
% 1. Enclose words in {} if they need to be capitalized %
%    e.g. {Italy}                                       %
% 2. Remove any usage of "et al." in author field       %
%%%%%%%%%%%%%%%%%%%%%%%%%%%%%%%%%%%%%%%%%%%%%%%%%%%%%%%%%

@article{bibExemple,
    title        = {Forecasting {COVID-19} impact on hospital bed-days, {ICU}-days, ventilator-days and deaths by {US} state in the next 4 months},
    author       = {Murray, Christopher JL},
    year         = 2020,
    journal      = {medRxiv},
    elocation-id = {2020.03.27.20043752},
    publisher    = {Cold Spring Harbor Laboratory Press},
    doi          = {10.1101/2020.03.27.20043752},
}
